<record><leader>00000cas a22000007a 4500</leader><controlfield tag="001">16994000</controlfield><controlfield tag="008">871117d18731971ohuwr ne      0    0eng d</controlfield><datafield ind1=" " ind2=" " tag="010"><subfield code="a">sn 87076853 </subfield></datafield><datafield ind1=" " ind2=" " tag="040"><subfield code="a">ONP</subfield><subfield code="b">eng</subfield><subfield code="c">ONP</subfield><subfield code="d">OCLCQ</subfield></datafield><datafield ind1=" " ind2=" " tag="042"><subfield code="a">msc</subfield></datafield><datafield ind1="0" ind2="4" tag="245"><subfield code="a">The Carey times.</subfield></datafield><datafield ind1=" " ind2=" " tag="260"><subfield code="a">Carey, Ohio :</subfield><subfield code="b">Homer Thrall</subfield></datafield><datafield ind1=" " ind2=" " tag="300"><subfield code="a">v.</subfield></datafield><datafield ind1=" " ind2=" " tag="310"><subfield code="a">Weekly</subfield></datafield><datafield ind1="1" ind2=" " tag="362"><subfield code="a">Began with May 8, 1873 issue; ceased in 1971.</subfield></datafield><datafield ind1=" " ind2=" " tag="588"><subfield code="a">Description based on: Vol. 15, no. [35] (Sept. 19, 1888).</subfield></datafield><datafield ind1=" " ind2=" " tag="752"><subfield code="a">United States</subfield><subfield code="b">Ohio</subfield><subfield code="c">Wyandot</subfield><subfield code="d">Carey.</subfield></datafield><datafield ind1="0" ind2="7" tag="785"><subfield code="t">Carey progressor</subfield><subfield code="w">(DLC)sn 89075044</subfield></datafield><datafield ind1="0" ind2="7" tag="785"><subfield code="t">Progressor-times</subfield><subfield code="w">(DLC)sn 87076854</subfield></datafield></record>